<record><leader>00000cas a22000007a 4500</leader><controlfield tag="001">10637257</controlfield><controlfield tag="008">840417u1984uuuutxudr ne      0   a0eng d</controlfield><datafield ind1=" " ind2=" " tag="010"><subfield code="a">sn 84005191 </subfield><subfield code="z">sn 88083601 </subfield></datafield><datafield ind1=" " ind2=" " tag="040"><subfield code="a">NSD</subfield><subfield code="b">eng</subfield><subfield code="c">NSD</subfield><subfield code="d">DLC</subfield><subfield code="d">OCL</subfield><subfield code="d">OCLCQ</subfield></datafield><datafield ind1=" " ind2=" " tag="012"><subfield code="m">1</subfield></datafield><datafield ind1=" " ind2=" " tag="019"><subfield code="a">18025285</subfield></datafield><datafield ind1="1" ind2=" " tag="022"><subfield code="a">0747-1750</subfield><subfield code="l">0747-1750</subfield><subfield code="2">1</subfield></datafield><datafield ind1="1" ind2=" " tag="029"><subfield code="a">AU@</subfield><subfield code="b">000025788299</subfield></datafield><datafield ind1=" " ind2=" " tag="032"><subfield code="a">414470</subfield><subfield code="b">USPS</subfield></datafield><datafield ind1=" " ind2=" " tag="037"><subfield code="b">Laredo News, Inc., P.O. Box Drawer 1928, 2920 Saunders St., Laredo, Tex. 78041</subfield></datafield><datafield ind1=" " ind2=" " tag="042"><subfield code="a">nsdp</subfield><subfield code="a">msc</subfield></datafield><datafield ind1="0" ind2=" " tag="130"><subfield code="a">News (Laredo, Tex.)</subfield></datafield><datafield ind1=" " ind2="4" tag="222"><subfield code="a">The News</subfield><subfield code="b">(Laredo, Tex.)</subfield></datafield><datafield ind1="0" ind2="4" tag="245"><subfield code="a">The News.</subfield></datafield><datafield ind1=" " ind2=" " tag="260"><subfield code="a">Laredo, Tex. :</subfield><subfield code="b">Laredo News, Inc.,</subfield><subfield code="c">1984-</subfield></datafield><datafield ind1=" " ind2=" " tag="310"><subfield code="a">Daily</subfield></datafield><datafield ind1="0" ind2=" " tag="362"><subfield code="a">Vol. 7, no. 191 (Feb. 16, 1984)-</subfield></datafield><datafield ind1=" " ind2=" " tag="752"><subfield code="a">United States</subfield><subfield code="b">Texas</subfield><subfield code="c">Webb</subfield><subfield code="d">Laredo.</subfield></datafield><datafield ind1="0" ind2="0" tag="780"><subfield code="t">Laredo news</subfield><subfield code="w">(DLC)sn 88083580</subfield><subfield code="w">(OCoLC)17994174</subfield></datafield><datafield ind1=" " ind2=" " tag="936"><subfield code="a">Feb. 27, 1984</subfield></datafield></record>